@Misc	{hid-sp18-414-www-blockchain-theory-application,
    author       = "Dimitri, Nicola",
    title        = "The Blockchain Technology: Some Theory and Applications",
    howpublished = "www",
    month        = "nov",
    year         = "2017",
    note         = "Accessed: 2018-03-16",
    key          = "BlockchainTheoryApplication",
    owner        = "hid-sp18-414",
    url          = "https://www.msm.nl/resources/uploads/2017/10/Working-Paper-No.-2017-3.pdf"
}
@INPROCEEDINGS	{hid-sp18-414-financialinnovation-zhao,
    author    = "Zhao, J Leon",
    title     = "Overview of business innovations and research opportunities in blockchain and introduction to the special issues",
    booktitle = "Financial Innovation",
    year      = "2016",
    pages     = "2:28",
    publisher = "Springer Open",
    note      = "Accessed: 2018-03-16",
    doi       = "10.1186/s40854-016-0049-2",
    issn      = "2199-4730",
    keywords  = "Bitcoin,Blockchain,Business innovation,Public ledger,Computational trust",
    owner     = "hid-sp18-414",
    address	  = "",
    url       = "https://www.springeropen.com/track/pdf/10.1186/s40854-016-0049-2"
}
@MISC	{hid-sp18-414-www-pow-vs-pos,
    author       = "Rosic, Ameer",
    title        = "Proof of Work vs Proof of Stake: Basic Mining Guide",
    howpublished = "www",
    month        = "mar",
    year         = "2017",
    note         = "Accessed: 2018-03-16",
    key          = "ProofofworkvsProofofstake",
    owner        = "hid-sp18-414",
    url          = "https://blockgeeks.com/guides/proof-of-work-vs-proof-of-stake/"
}
@MISC	{hid-sp18-414-www-promise-bitcoin-blockchain,
    author       = "Burgess, Kyle and  Colangelo, Joe",
    title        = "The Promise of Bitcoin and the Blockchain",
    howpublished = "www",
    month        = "jan",
    year         = "2016",
    note         = "Accessed: 2018-03-16",
    key          = "consumeresearch",
    owner        = "hid-sp18-414",
    url          = "https://bravenewcoin.com/assets/Industry-Reports-2016/Bretton-Woods-2015-White-Paper-The-promise-of-Bitcoin-and-the-Blockchain.pdf"
}