@Misc	{hid-sp18-414-www-blockchain-theory-application,
    author       = "Dimitri, Nicola",
    title        = "The Blockchain Technology: Some Theory and Applications",
    howpublished = "www",
    month        = "nov",
    year         = "2017",
    note         = "Accessed: 2018-03-16",
    key          = "BlockchainTheoryApplication",
    owner        = "hid-sp18-414",
    url          = "https://www.msm.nl/resources/uploads/2017/10/Working-Paper-No.-2017-3.pdf"
}
@INPROCEEDINGS	{hid-sp18-414-financialinnovation-zhao,
    author    = "Zhao, J Leon",
    title     = "Overview of business innovations and research opportunities in blockchain and introduction to the special issues",
    booktitle = "Financial Innovation",
    year      = "2016",
    pages     = "2:28",
    publisher = "Springer Open",
    note      = "Accessed: 2018-03-16",
    doi       = "10.1186/s40854-016-0049-2",
    issn      = "2199-4730",
    keywords  = "Bitcoin,Blockchain,Business innovation,Public ledger,Computational trust",
    owner     = "hid-sp18-414",
    address	  = "",
    url       = "https://www.springeropen.com/track/pdf/10.1186/s40854-016-0049-2"
}
@MISC	{hid-sp18-414-www-pow-vs-pos,
    author       = "Rosic, Ameer",
    title        = "Proof of Work vs Proof of Stake: Basic Mining Guide",
    howpublished = "www",
    month        = "mar",
    year         = "2017",
    note         = "Accessed: 2018-03-16",
    key          = "ProofofworkvsProofofstake",
    owner        = "hid-sp18-414",
    url          = "https://blockgeeks.com/guides/proof-of-work-vs-proof-of-stake/"
}
@MISC	{hid-sp18-414-www-blockchain-consensus-protocols,
    author       = "Castor, Amy",
    title        = "A (Short) Guide to Blockchain Consensus Protocols",
    howpublished = "www",
    month        = "mar",
    year         = "2017",
    note         = "Accessed: 2018-03-16",
    key          = "blockchainconsensusprotocols",
    owner        = "hid-sp18-414",
    url          = "https://www.coindesk.com/short-guide-blockchain-consensus-protocols/"
}
@MISC	{hid-sp18-414-www-promise-bitcoin-blockchain,
    author       = "Burgess, Kyle and  Colangelo, Joe",
    title        = "The Promise of Bitcoin and the Blockchain",
    howpublished = "www",
    month        = "jan",
    year         = "2016",
    note         = "Accessed: 2018-03-16",
    key          = "consumeresearch",
    owner        = "hid-sp18-414",
    url          = "https://bravenewcoin.com/assets/Industry-Reports-2016/Bretton-Woods-2015-White-Paper-The-promise-of-Bitcoin-and-the-Blockchain.pdf"
}
@MISC	{hid-sp18-414-www-science-cryptocurrencies-cryptography,
    author       = "Rosic, Ameer",
    title        = "The Science Behind Cryptocurrencies Cryptography",
    howpublished = "www",
    month        = "mar",
    year         = "2017",
    note         = "Accessed: 2018-03-16",
    key          = "cryptography",
    owner        = "hid-sp18-414",
    url          = "https://blockgeeks.com/guides/cryptocurrencies-cryptography/"
}
@MISC	{hid-sp18-414-www-ECDSA-vs-RSA,
	author		 = "",
    title        = "Second-guessing Satoshi: ECDSA vs RSA?",
    howpublished = "www",
    month        = "jan",
    year         = "2016",
    note         = "Accessed: 2018-03-16",
    key          = "ecdsavsrsa",
    owner        = "hid-sp18-414",
    url          = "https://randomoracle.wordpress.com/2016/01/20/second-guessing-satoshi-ecdsa-vs-rsa-part-iii//"
}
@MISC	{hid-sp18-414-www-blockchain-evolution,
	author		 = "",
    title        = "Blockchain evolution: from 1.0 to 4.0",
    month        = "dec",
    year         = "2017",
    note         = "Accessed: 2018-03-16",
    key          = "Blockchainevolution",
    owner        = "hid-sp18-414"
}
@ARTICLE{hid-sp18-414-Truth-Blockchain,
    author  = "Iansiti, Marco and Lakhani , Karim",
    title   = "The Truth About Blockchain",
    journal = "Harvard Business Review",
    year    = "2017",
    volume  = "",
    number  = "",
    pages   = "118â€“127",
    month   = "jan",
    note    = "Accessed: 2018-03-16",
    key     = "Blockchainevolution",
    owner   = "hid-sp18-414",
    url     = "https://hbr.org/2017/01/the-truth-about-blockchain"
}
@ARTICLE	{hid-sp18-414-beyond-bitcoin,
    author  = "Underwood, Sarah",
    title   = "Blockchain Beyond Bitcoin",
    journal = "Communications of the ACM",
    year    = "2016",
    volume  = "59",
    number  = "11",
    pages   = "15-17",
    month   = "nov",
    note    = "Accessed: 2018-03-16",
    key     = "beyondbitcoin",
    owner   = "hid-sp18-414",
    url     = "https://cacm.acm.org/magazines/2016/11/209132-blockchain-beyond-bitcoin/abstract"
}
@ARTICLE	{hid-sp18-414-wallstreet-blockchain,
    author  = "Nordrum, Amy",
    title   = "Wall street occupies the blockchain - Financial firms plan to move trillions in assets to blockchains in 2018",
    journal = "IEEE Spectrum",
    year    = "2017",
    volume  = "54",
    number  = "10",
    pages   = "40-45",
    month   = "oct",
    note    = "Accessed: 2018-03-16",
    key     = "wallstreetblockchain",
    owner   = "hid-sp18-414",
    url     = "http://ieeexplore.ieee.org/document/8048839/"
}
@MISC	{hid-sp18-414-www-blockchain-2.0,
    author       = "Global Equity Research Team",
    title        = "Blockchain 2.0",
    howpublished = "www",
    month        = "jan",
    year         = "2018",
    note         = "Accessed: 2018-03-16",
    key          = "Blockchain2.0",
    owner        = "hid-sp18-414",
    url          = "https://research-doc.credit-suisse.com/docView?language=ENG\&format=PDF\&sourceid=csplusresearchcp\&document_id=1080109971\&serialid=pTkp8RFIoVyHegdqM8EllLNi1z%2Fk8mInqoBSQ5KDZG4%3D"
}